@article{price1976general,
  title={A general theory of bibliometric and other cumulative advantage processes},
  author={Price, Derek de Solla},
  journal={Journal of the American society for Information science},
  volume={27},
  number={5},
  pages={292--306},
  year={1976},
  publisher={Wiley Subscription Services, Inc., A Wiley Company}
},
@article{barabasi1999emergence,
  title={Emergence of scaling in random networks},
  author={Barab{\'a}si, Albert-L{\'a}szl{\'o} and Albert, R{\'e}ka},
  journal={science},
  volume={286},
  number={5439},
  pages={509--512},
  year={1999},
  publisher={American Association for the Advancement of Science}
},
@article{merton1968matthew,
  title={The Matthew effect in science},
  author={Merton, Robert K and others},
  journal={Science},
  volume={159},
  number={3810},
  pages={56--63},
  year={1968},
  publisher={Washington}
},
@article{newman2001structure,
  title={The structure of scientific collaboration networks},
  author={Newman, Mark EJ},
  journal={Proceedings of the National Academy of Sciences},
  volume={98},
  number={2},
  pages={404--409},
  year={2001},
  publisher={National Acad Sciences}
},
@article{albert2002statistical,
  title={Statistical mechanics of complex networks},
  author={Albert, Reka and Barabasi, Albert-Laszlo},
  journal={Reviews of Modern Physics},
  volume={74},
  pages={47--97},
  year={2002}
},
@article{arthur2014evolution,
  title={The Evolution ofTechnology within a Simple Computer Model},
  author={Arthur, W Brian and Polak, Wolfgang},
  journal={Complexity and the Economy},
  year={2014},
  publisher={Oxford University Press}
},
@article{buchanan2011measuring,
  title={Measuring the evolution of the drivers of technological innovation in the patent record},
  author={Buchanan, Andrew and Packard, Norman H and Bedau, Mark A},
  journal={Artificial life},
  volume={17},
  number={2},
  pages={109--122},
  year={2011},
  publisher={MIT Press}
},
@article{youn2015invention,
  title={Invention as a combinatorial process: evidence from US patents},
  author={Youn, Hyejin and Strumsky, Deborah and Bettencourt, Luis MA and Lobo, Jos{\'e}},
  journal={Journal of The Royal Society Interface},
  volume={12},
  number={106},
  pages={20150272},
  year={2015},
  publisher={The Royal Society}
},
@article{csardi2007modeling,
  title={Modeling innovation by a kinetic description of the patent citation system},
  author={Cs{\'a}rdi, G{\'a}bor and Strandburg, Katherine J and Zal{\'a}nyi, L{\'a}szl{\'o} and Tobochnik, Jan and {\'E}rdi, P{\'e}ter},
  journal={Physica A: Statistical Mechanics and its Applications},
  volume={374},
  number={2},
  pages={783--793},
  year={2007},
  publisher={Elsevier}
},
@article{valverde2007topology,
  title={Topology and evolution of technology innovation networks},
  author={Valverde, Sergi and Sol{\'e}, Ricard V and Bedau, Mark A and Packard, Norman},
  journal={Physical Review E},
  volume={76},
  number={5},
  pages={056118},
  year={2007},
  publisher={APS}
},
@article{simkin2005stochastic,
  title={Stochastic modeling of citation slips},
  author={Simkin, Mikhail V and Roychowdhury, Vwani P},
  journal={Scientometrics},
  volume={62},
  number={3},
  pages={367--384},
  year={2005},
  publisher={Akad{\'e}miai Kiad{\'o}, co-published with Springer Science+ Business Media BV, Formerly Kluwer Academic Publishers BV}
},
@article{clough2015transitive,
  title={Transitive reduction of citation networks},
  author={Clough, James R and Gollings, Jamie and Loach, Tamar V and Evans, Tim S},
  journal={Journal of Complex Networks},
  volume={3},
  number={2},
  pages={189--203},
  year={2015},
  publisher={Oxford University Press}
},
@article{gress2010properties,
  title={Properties of the USPTO patent citation network: 1963--2002},
  author={Gress, Bernard},
  journal={World Patent Information},
  volume={32},
  number={1},
  pages={3--21},
  year={2010},
  publisher={Elsevier}
},
@article{yoon2004text,
  title={A text-mining-based patent network: Analytical tool for high-technology trend},
  author={Yoon, Byungun and Park, Yongtae},
  journal={The Journal of High Technology Management Research},
  volume={15},
  number={1},
  pages={37--50},
  year={2004},
  publisher={Elsevier}
},
@article{abbas2014literature,
  title={A literature review on the state-of-the-art in patent analysis},
  author={Abbas, Assad and Zhang, Limin and Khan, Samee U},
  journal={World Patent Information},
  volume={37},
  pages={3--13},
  year={2014},
  publisher={Elsevier}
}
