@article{price1976general,
  title={A general theory of bibliometric and other cumulative advantage processes},
  author={Price, Derek de Solla},
  journal={Journal of the American society for Information science},
  volume={27},
  number={5},
  pages={292--306},
  year={1976},
  publisher={Wiley Subscription Services, Inc., A Wiley Company}
}