@misc{USPTOSummary, 
	title={U.S. Patent Statistics Chart Calendar Years 1963 - 2015}, 
    url={http://www.uspto.gov/web/offices/ac/ido/oeip/taf/us_stat.htm},
    journal={U.S. Patent Statistics Summary Table, Calendar Years 1963 to 2014, 06/2015 update}, 
    publisher={USPTO}, 
    author={Patent Technology Monitoring Team}, 
    year={2016}
}, 

@book{castells2011rise,
  title={The rise of the network society: The information age: Economy, society, and culture},
  author={Castells, Manuel},
  volume={1},
  year={2011},
  publisher={John Wiley \& Sons}
},

@article{zipf1935psycho,
  title={The psycho-biology of language.},
  author={Zipf, George Kingsley},
  year={1935},
  publisher={Houghton, Mifflin}
},

@book{venables2013modern,
  title={Modern applied statistics with S-PLUS},
  author={Venables, William N and Ripley, Brian D},
  year={2013},
  publisher={Springer Science \& Business Media}
},

@article{albert2002statistical,
  title={Statistical mechanics of complex networks},
  author={Albert, R{\'e}ka and Barab{\'a}si, Albert-L{\'a}szl{\'o}},
  journal={Reviews of modern physics},
  volume={74},
  number={1},
  pages={47},
  year={2002},
  publisher={APS}
},

@article{vuong1989likelihood,
  title={Likelihood ratio tests for model selection and non-nested hypotheses},
  author={Vuong, Quang H},
  journal={Econometrica: Journal of the Econometric Society},
  pages={307--333},
  year={1989},
  publisher={JSTOR}
},

@article{hardtoSpell,
author = {Kivelä, Mikko and Arenas, Alex and Barthelemy, Marc and Gleeson, James P. and Moreno, Yamir and Porter, Mason A.}, 
title = {Multilayer networks},
year = {2014}, 
doi = {10.1093/comnet/cnu016}, 
abstract ={In most natural and engineered systems, a set of entities interact with each other in complicated patterns that can encompass multiple types of relationships, change in time and include other types of complications. Such systems include multiple subsystems and layers of connectivity, and it is important to take such ‘multilayer’ features into account to try to improve our understanding of complex systems. Consequently, it is necessary to generalize ‘traditional’ network theory by developing (and validating) a framework and associated tools to study multilayer systems in a comprehensive fashion. The origins of such efforts date back several decades and arose in multiple disciplines, and now the study of multilayer networks has become one of the most important directions in network science. In this paper, we discuss the history of multilayer networks (and related concepts) and review the exploding body of work on such networks. To unify the disparate terminology in the large body of recent work, we discuss a general framework for multilayer networks, construct a dictionary of terminology to relate the numerous existing concepts to each other and provide a thorough discussion that compares, contrasts and translates between related notions such as multilayer networks, multiplex networks, interdependent networks, networks of networks and many others. We also survey and discuss existing data sets that can be represented as multilayer networks. We review attempts to generalize single-layer-network diagnostics to multilayer networks. We also discuss the rapidly expanding research on multilayer-network models and notions like community structure, connected components, tensor decompositions and various types of dynamical processes on multilayer networks. We conclude with a summary and an outlook.}, 
URL = {http://comnet.oxfordjournals.org/content/early/2014/07/14/comnet.cnu016.abstract}, 
eprint = {http://comnet.oxfordjournals.org/content/early/2014/07/14/comnet.cnu016.full.pdf+html}, 
journal = {Journal of Complex Networks} 
},


@article{redner2004citation,
  title={Citation statistics from more than a century of physical review},
  author={Redner, Sidney},
  journal={arXiv preprint physics/0407137},
  year={2004}
},

@article{borner2004simultaneous,
  title={The simultaneous evolution of author and paper networks},
  author={B{\"o}rner, Katy and Maru, Jeegar T and Goldstone, Robert L},
  journal={Proceedings of the National Academy of Sciences},
  volume={101},
  number={suppl 1},
  pages={5266--5273},
  year={2004},
  publisher={National Acad Sciences}
},

@Manual{fBasics,
title = {fBasics: Rmetrics - Markets and Basic Statistics},
author = {Rmetrics Core Team and Diethelm Wuertz and Tobias Setz and Yohan Chalabi},
year = {2014},
note = {R package version 3011.87},
url = {https://CRAN.R-project.org/package=fBasics},
},
  
@article{clauset2007frequency,
  title={On the frequency of severe terrorist events},
  author={Clauset, Aaron and Young, Maxwell and Gleditsch, Kristian Skrede},
  journal={Journal of Conflict Resolution},
  volume={51},
  number={1},
  pages={58--87},
  year={2007},
  publisher={Sage Publications}
},


 @misc{USPTObulkdata, title={USPTO bulk data portal}, url={https://bulkdata.uspto.gov/}, journal={United States Patent and Trademark Office}, author={Topic, By}},

@article{redner2000random,
  title = {Connectivity of Growing Random Networks},
  author = {Krapivsky, P. L. and Redner, S. and Leyvraz, F.},
  journal = {Phys. Rev. Lett.},
  volume = {85},
  issue = {21},
  pages = {4629--4632},
  numpages = {0},
  year = {2000},
  month = {Nov},
  publisher = {American Physical Society},
  doi = {10.1103/PhysRevLett.85.4629},
  url = {http://link.aps.org/doi/10.1103/PhysRevLett.85.4629}
},

@article{clauset2009power,
  title={Power-law distributions in empirical data},
  author={Clauset, Aaron and Shalizi, Cosma Rohilla and Newman, Mark EJ},
  journal={SIAM review},
  volume={51},
  number={4},
  pages={661--703},
  year={2009},
  publisher={SIAM}
},

@article{newman2005power,
  title={Power laws, Pareto distributions and Zipf's law},
  author={Newman, Mark EJ},
  journal={Contemporary physics},
  volume={46},
  number={5},
  pages={323--351},
  year={2005},
  publisher={Taylor \& Francis}
},

@article{steinhaeuser2011complex,
  title={Complex networks as a unified framework for descriptive analysis and predictive modeling in climate science},
  author={Steinhaeuser, Karsten and Chawla, Nitesh V and Ganguly, Auroop R},
  journal={Statistical Analysis and Data Mining},
  volume={4},
  number={5},
  pages={497--511},
  year={2011},
  publisher={Wiley Online Library}
},

@article{watts1998collective,
  title={Collective dynamics of ‘small-world’networks},
  author={Watts, Duncan J and Strogatz, Steven H},
  journal={nature},
  volume={393},
  number={6684},
  pages={440--442},
  year={1998},
  publisher={Nature Publishing Group}
},

@article{erd6s1960evolution,
  title={On the evolution of random graphs},
  author={Erd6s, Paul and R{\'e}nyi, A},
  journal={Publ. Math. Inst. Hungar. Acad. Sci},
  volume={5},
  pages={17--61},
  year={1960},
  publisher={Citeseer}
},

@article{erdds1959random,
  title={On random graphs I},
  author={ERDdS, P and R\&WI, A},
  journal={Publ. Math. Debrecen},
  volume={6},
  pages={290--297},
  year={1959}
},

@article{wickham2014tidy,
  title={Tidy data},
  author={Wickham, Hadley and others}
}
@misc{ICE, 
	title={XML Resources}, 
    url={https://www.uspto.gov/learning-and-resources/xml-resources}, 
    journal={United States Patent and Trademark Office}
}, 
Patent grant international common element (ICE) document type definitions used from 2002:2015

@article{price1976general,
  title={A general theory of bibliometric and other cumulative advantage processes},
  author={Price, Derek de Solla},
  journal={Journal of the American society for Information science},
  volume={27},
  number={5},
  pages={292--306},
  year={1976},
  publisher={Wiley Subscription Services, Inc., A Wiley Company}
},
@article{barabasi1999emergence,
  title={Emergence of scaling in random networks},
  author={Barab{\'a}si, Albert-L{\'a}szl{\'o} and Albert, R{\'e}ka},
  journal={science},
  volume={286},
  number={5439},
  pages={509--512},
  year={1999},
  publisher={American Association for the Advancement of Science}
},
@article{merton1968matthew,
  title={The Matthew effect in science},
  author={Merton, Robert K and others},
  journal={Science},
  volume={159},
  number={3810},
  pages={56--63},
  year={1968},
  publisher={Washington}
},
@article{newman2001structure,
  title={The structure of scientific collaboration networks},
  author={Newman, Mark EJ},
  journal={Proceedings of the National Academy of Sciences},
  volume={98},
  number={2},
  pages={404--409},
  year={2001},
  publisher={National Acad Sciences}
},

@article{arthur2014evolution,
  title={The Evolution ofTechnology within a Simple Computer Model},
  author={Arthur, W Brian and Polak, Wolfgang},
  journal={Complexity and the Economy},
  year={2014},
  publisher={Oxford University Press}
},
@article{buchanan2011measuring,
  title={Measuring the evolution of the drivers of technological innovation in the patent record},
  author={Buchanan, Andrew and Packard, Norman H and Bedau, Mark A},
  journal={Artificial life},
  volume={17},
  number={2},
  pages={109--122},
  year={2011},
  publisher={MIT Press}
},
@article{youn2015invention,
  title={Invention as a combinatorial process: evidence from US patents},
  author={Youn, Hyejin and Strumsky, Deborah and Bettencourt, Luis MA and Lobo, Jos{\'e}},
  journal={Journal of The Royal Society Interface},
  volume={12},
  number={106},
  pages={20150272},
  year={2015},
  publisher={The Royal Society}
},
@article{csardi2007modeling,
  title={Modeling innovation by a kinetic description of the patent citation system},
  author={Cs{\'a}rdi, G{\'a}bor and Strandburg, Katherine J and Zal{\'a}nyi, L{\'a}szl{\'o} and Tobochnik, Jan and {\'E}rdi, P{\'e}ter},
  journal={Physica A: Statistical Mechanics and its Applications},
  volume={374},
  number={2},
  pages={783--793},
  year={2007},
  publisher={Elsevier}
},
@article{valverde2007topology,
  title={Topology and evolution of technology innovation networks},
  author={Valverde, Sergi and Sol{\'e}, Ricard V and Bedau, Mark A and Packard, Norman},
  journal={Physical Review E},
  volume={76},
  number={5},
  pages={056118},
  year={2007},
  publisher={APS}
},
@article{simkin2005stochastic,
  title={Stochastic modeling of citation slips},
  author={Simkin, Mikhail V and Roychowdhury, Vwani P},
  journal={Scientometrics},
  volume={62},
  number={3},
  pages={367--384},
  year={2005},
  publisher={Akad{\'e}miai Kiad{\'o}, co-published with Springer Science+ Business Media BV, Formerly Kluwer Academic Publishers BV}
},
@article{clough2015transitive,
  title={Transitive reduction of citation networks},
  author={Clough, James R and Gollings, Jamie and Loach, Tamar V and Evans, Tim S},
  journal={Journal of Complex Networks},
  volume={3},
  number={2},
  pages={189--203},
  year={2015},
  publisher={Oxford University Press}
},
@article{gress2010properties,
  title={Properties of the USPTO patent citation network: 1963--2002},
  author={Gress, Bernard},
  journal={World Patent Information},
  volume={32},
  number={1},
  pages={3--21},
  year={2010},
  publisher={Elsevier}
},
@article{yoon2004text,
  title={A text-mining-based patent network: Analytical tool for high-technology trend},
  author={Yoon, Byungun and Park, Yongtae},
  journal={The Journal of High Technology Management Research},
  volume={15},
  number={1},
  pages={37--50},
  year={2004},
  publisher={Elsevier}
},
@article{abbas2014literature,
  title={A literature review on the state-of-the-art in patent analysis},
  author={Abbas, Assad and Zhang, Limin and Khan, Samee U},
  journal={World Patent Information},
  volume={37},
  pages={3--13},
  year={2014},
  publisher={Elsevier}
}
